@Article{Ardalan2005,
author="Ardalan, A. A.
and Safari, A.",
title="Global height datum unification: a new approach in gravity potential space",
journal="Journal of Geodesy",
year="2005",
volume="79",
number="9",
pages="512--523",
issn="1432-1394",
doi="10.1007/s00190-005-0001-0",
url="http://dx.doi.org/10.1007/s00190-005-0001-0"
}

