@article {GRL:GRL50716,
author = {Bruinsma, Sean L. and Förste, Christoph and Abrikosov, Oleg and Marty, Jean-Charles and Rio, Marie-Helene and Mulet, Sandrine and Bonvalot, Sylvain},
title = {The new ESA satellite-only gravity field model via the direct approach},
journal = {Geophysical Research Letters},
volume = {40},
number = {14},
issn = {1944-8007},
url = {http://dx.doi.org/10.1002/grl.50716},
doi = {10.1002/grl.50716},
pages = {3607--3612},
keywords = {Geopotential theory and determination, Satellite geodesy: results, satellite-only gravity field model, GOCE, geostrophic ocean circulation},
year = {2013},
}
